@Book{xie2015,
  title = {Dynamic Documents with {R} and knitr},
  author = {Yihui Xie},
  publisher = {Chapman and Hall/CRC},
  address = {Boca Raton, Florida},
  year = {2015},
  edition = {2nd},
  note = {ISBN 978-1498716963},
  url = {http://yihui.name/knitr/},
}
@book{kaufman2009,
  title={Finding groups in data: an introduction to cluster analysis},
  author={Kaufman, Leonard and Rousseeuw, Peter J},
  volume={344},
  year={2009},
  publisher={John Wiley \& Sons}
}
@article{maccallum2002,
  title={On the practice of dichotomization of quantitative variables.},
  author={MacCallum, Robert C and Zhang, Shaobo and Preacher, Kristopher J and Rucker, Derek D},
  journal={Psychological methods},
  volume={7},
  number={1},
  pages={19},
  year={2002},
  publisher={American Psychological Association}
}
@article{pittenger1993,
  title={Measuring the MBTI... and coming up short},
  author={Pittenger, David J},
  journal={Journal of Career Planning and Employment},
  volume={54},
  number={1},
  pages={48--52},
  year={1993}
}
@book{american1999,
  title={Standards for educational and psychological testing},
  author={{American Educational Research Association and American Psychological Association and National Council on Measurement in Education and Joint Committee on Standards for Educational and Psychological Testing}},
  year={1999},
  publisher={Amer Educational Research Assn}
}
