@Manual{R-airports,
  title = {airports: Data on Airports},
  author = {Mine Çetinkaya-Rundel},
  year = {2020},
  note = {R package version 0.1.0},
  url = {https://github.com/OpenIntroStat/airports},
}

@Manual{R-base,
  title = {R: A Language and Environment for Statistical Computing},
  author = {{R Core Team}},
  organization = {R Foundation for Statistical Computing},
  address = {Vienna, Austria},
  year = {2020},
  url = {https://www.R-project.org/},
}

@Manual{R-bookdown,
  title = {bookdown: Authoring Books and Technical Documents with R Markdown},
  author = {Yihui Xie},
  year = {2020},
  note = {R package version 0.21},
  url = {https://github.com/rstudio/bookdown},
}

@Manual{R-censusapi,
  title = {censusapi: Retrieve Data from the Census APIs},
  author = {Hannah Recht},
  year = {2020},
  note = {R package version 0.7.1},
  url = {https://github.com/hrecht/censusapi},
}

@Manual{R-cherryblossom,
  title = {cherryblossom: Cherry Blossom Run Race Results},
  author = {Mine Çetinkaya-Rundel},
  year = {2020},
  note = {R package version 0.1.0},
  url = {https://github.com/OpenIntroStat/cherryblossom},
}

@Manual{R-dplyr,
  title = {dplyr: A Grammar of Data Manipulation},
  author = {Hadley Wickham and Romain François and Lionel Henry and Kirill Müller},
  year = {2021},
  note = {R package version 1.0.3},
  url = {https://CRAN.R-project.org/package=dplyr},
}

@Manual{R-ggplot2,
  title = {ggplot2: Create Elegant Data Visualisations Using the Grammar of Graphics},
  author = {Hadley Wickham and Winston Chang and Lionel Henry and Thomas Lin Pedersen and Kohske Takahashi and Claus Wilke and Kara Woo and Hiroaki Yutani and Dewey Dunnington},
  year = {2020},
  note = {R package version 3.3.3},
  url = {https://CRAN.R-project.org/package=ggplot2},
}

@Manual{R-kableExtra,
  title = {kableExtra: Construct Complex Table with kable and Pipe Syntax},
  author = {Hao Zhu},
  year = {2020},
  note = {R package version 1.3.1},
  url = {https://CRAN.R-project.org/package=kableExtra},
}

@Manual{R-knitr,
  title = {knitr: A General-Purpose Package for Dynamic Report Generation in R},
  author = {Yihui Xie},
  year = {2021},
  note = {R package version 1.31},
  url = {https://yihui.org/knitr/},
}

@Manual{R-NHANES,
  title = {NHANES: Data from the US National Health and Nutrition Examination Study},
  author = {Randall Pruim},
  year = {2015},
  note = {R package version 2.1.0},
  url = {https://CRAN.R-project.org/package=NHANES},
}

@Manual{R-openintro,
  title = {openintro: Data Sets and Supplemental Functions from OpenIntro Textbooks
and Labs},
  author = {Mine Çetinkaya-Rundel and David Diez and Andrew Bray and Albert Kim and Ben Baumer and Chester Ismay and Christopher Barr},
  year = {2020},
  note = {R package version 2.0.0},
  url = {https://github.com/OpenIntroStat/openintro},
}

@Manual{R-rmarkdown,
  title = {rmarkdown: Dynamic Documents for R},
  author = {JJ Allaire and Yihui Xie and Jonathan McPherson and Javier Luraschi and Kevin Ushey and Aron Atkins and Hadley Wickham and Joe Cheng and Winston Chang and Richard Iannone},
  year = {2020},
  note = {R package version 2.6},
  url = {https://github.com/rstudio/rmarkdown},
}

@Manual{R-rpart,
  title = {rpart: Recursive Partitioning and Regression Trees},
  author = {Terry Therneau and Beth Atkinson},
  year = {2019},
  note = {R package version 4.1-15},
  url = {https://CRAN.R-project.org/package=rpart},
}

@Manual{R-rpart.plot,
  title = {rpart.plot: Plot rpart Models: An Enhanced Version of plot.rpart},
  author = {Stephen Milborrow},
  year = {2020},
  note = {R package version 3.0.9},
  url = {http://www.milbo.org/rpart-plot/index.html},
}

@Manual{R-tibble,
  title = {tibble: Simple Data Frames},
  author = {Kirill Müller and Hadley Wickham},
  year = {2021},
  note = {R package version 3.0.5},
  url = {https://CRAN.R-project.org/package=tibble},
}

@Manual{R-usdata,
  title = {usdata: Data on the States and Counties of the United States},
  author = {Mine Çetinkaya-Rundel and David Diez},
  year = {2020},
  note = {R package version 0.1.0},
  url = {https://github.com/OpenIntroStat/usdata},
}

@Manual{R-viridis,
  title = {viridis: Default Color Maps from matplotlib},
  author = {Simon Garnier},
  year = {2018},
  note = {R package version 0.5.1},
  url = {https://github.com/sjmgarnier/viridis},
}

@Manual{R-viridisLite,
  title = {viridisLite: Default Color Maps from matplotlib (Lite Version)},
  author = {Simon Garnier},
  year = {2018},
  note = {R package version 0.3.0},
  url = {https://github.com/sjmgarnier/viridisLite},
}

@Book{bookdown2016,
  title = {bookdown: Authoring Books and Technical Documents with {R} Markdown},
  author = {Yihui Xie},
  publisher = {Chapman and Hall/CRC},
  address = {Boca Raton, Florida},
  year = {2016},
  note = {ISBN 978-1138700109},
  url = {https://github.com/rstudio/bookdown},
}

@Book{ggplot22016,
  author = {Hadley Wickham},
  title = {ggplot2: Elegant Graphics for Data Analysis},
  publisher = {Springer-Verlag New York},
  year = {2016},
  isbn = {978-3-319-24277-4},
  url = {https://ggplot2.tidyverse.org},
}

@Book{knitr2015,
  title = {Dynamic Documents with {R} and knitr},
  author = {Yihui Xie},
  publisher = {Chapman and Hall/CRC},
  address = {Boca Raton, Florida},
  year = {2015},
  edition = {2nd},
  note = {ISBN 978-1498716963},
  url = {https://yihui.org/knitr/},
}

@InCollection{knitr2014,
  booktitle = {Implementing Reproducible Computational Research},
  editor = {Victoria Stodden and Friedrich Leisch and Roger D. Peng},
  title = {knitr: A Comprehensive Tool for Reproducible Research in {R}},
  author = {Yihui Xie},
  publisher = {Chapman and Hall/CRC},
  year = {2014},
  note = {ISBN 978-1466561595},
  url = {http://www.crcpress.com/product/isbn/9781466561595},
}

@Book{rmarkdown2018,
  title = {R Markdown: The Definitive Guide},
  author = {Yihui Xie and J.J. Allaire and Garrett Grolemund},
  publisher = {Chapman and Hall/CRC},
  address = {Boca Raton, Florida},
  year = {2018},
  note = {ISBN 9781138359338},
  url = {https://bookdown.org/yihui/rmarkdown},
}

@Book{rmarkdown2020,
  title = {R Markdown Cookbook},
  author = {Yihui Xie and Christophe Dervieux and Emily Riederer},
  publisher = {Chapman and Hall/CRC},
  address = {Boca Raton, Florida},
  year = {2020},
  note = {ISBN 9780367563837},
  url = {https://bookdown.org/yihui/rmarkdown-cookbook},
}

